@inproceedings{joyner2016,
  author    = {Joyner, D. A. and Ashby, W. and Irish, L. and Lam, Y. and Langston, J. and Lupiani, I. and Lustig, M. and Pettoruto, P. and Sheahen, D. and Smiley, A. and Bruckman, A. and Goel, A.},
  title     = {Graders as Meta-Reviewers: Simultaneously Scaling and Improving Expert Evaluation for Large Online Classrooms},
  booktitle = {Proceedings of the Third Annual ACM Conference on Learning at Scale},
  location  = {Edinburgh, Scotland},
  year      = {2016}
}

@inproceedings{joyner2017,
  author    = {Joyner, D. A.},
  title     = {Scaling Expert Feedback: Two Case Studies},
  booktitle = {Proceedings of the Fourth Annual ACM Conference on Learning at Scale},
  location  = {Cambridge, Massachusetts},
  year      = {2017}
}

@inproceedings{joyner2018a,
  author    = {Joyner, D. A.},
  title     = {Intelligent Evaluation and Feedback in Support of a Credit-Bearing MOOC},
  booktitle = {Proceedings of the 19th International Conference on Artificial Intelligence in Education},
  location  = {London, United Kingdom},
  publisher = {Springer},
  year      = {2018}
}

@inproceedings{joyner2018b,
  author    = {Joyner, D. A.},
  title     = {Toward CS1 at Scale: Building and Testing a MOOC-for-Credit Candidate},
  booktitle = {Proceedings of the Fifth Annual ACM Conference on Learning at Scale},
  location  = {London, United Kingdom},
  publisher = {ACM Press},
  year      = {2018}
}

@inproceedings{newman2018,
  author    = {Newman, H. and Joyner, D. A.},
  title     = {Sentiment Analysis of Student Evaluations of Teaching},
  booktitle = {Proceedings of the 19th International Conference on Artificial Intelligence in Education},
  location  = {London, United Kingdom},
  publisher = {Springer},
  year      = {2018}
}
@inproceedings{bilker2012,
  doi = {10.1177/1073191112446655},
  url = {https://doi.org/10.1177/1073191112446655},
  year = {2012},
  month = may,
  publisher = {{SAGE} Publications},
  volume = {19},
  number = {3},
  pages = {354--369},
  author = {Warren B. Bilker and John A. Hansen and Colleen M. Brensinger and Jan Richard and Raquel E. Gur and Ruben C. Gur},
  title = {Development of Abbreviated Nine-Item Forms of the Raven's Standard Progressive Matrices Test},
  journal = {Assessment}
}
@inproceedings{raven1936,
  author    = {Raven, J.C.},
  title     = {Mental tests used in genetic studies: The performance of related individuals on tests mainly educative and mainly reproductive. MSc Thesis},
  location  = {London, United Kingdom},
  publisher = {University of London},
  year      = {1936}
}